%YAML 1.1
%TAG !u! tag:unity3d.com,2011:
--- !u!1 &1393664384346990239
GameObject:
  m_ObjectHideFlags: 0
  m_CorrespondingSourceObject: {fileID: 0}
  m_PrefabInstance: {fileID: 0}
  m_PrefabAsset: {fileID: 0}
  serializedVersion: 6
  m_Component:
  - component: {fileID: 1393664384346990234}
  - component: {fileID: 1393664384346990235}
  - component: {fileID: 1393664384346990236}
  - component: {fileID: 1393664384346990237}
  - component: {fileID: 1393664384346990238}
  - component: {fileID: 9175170214579814088}
  m_Layer: 0
  m_Name: Gate
  m_TagString: Untagged
  m_Icon: {fileID: 0}
  m_NavMeshLayer: 0
  m_StaticEditorFlags: 0
  m_IsActive: 1
--- !u!4 &1393664384346990234
Transform:
  m_ObjectHideFlags: 0
  m_CorrespondingSourceObject: {fileID: 0}
  m_PrefabInstance: {fileID: 0}
  m_PrefabAsset: {fileID: 0}
  m_GameObject: {fileID: 1393664384346990239}
  m_LocalRotation: {x: 0, y: 0, z: 0, w: 1}
  m_LocalPosition: {x: 0, y: 0, z: 0}
  m_LocalScale: {x: 1, y: 1, z: 1}
  m_Children:
  - {fileID: 2337415108375517140}
  - {fileID: 1393664385856063101}
  m_Father: {fileID: 0}
  m_RootOrder: 0
  m_LocalEulerAnglesHint: {x: 0, y: 0, z: 0}
--- !u!33 &1393664384346990235
MeshFilter:
  m_ObjectHideFlags: 0
  m_CorrespondingSourceObject: {fileID: 0}
  m_PrefabInstance: {fileID: 0}
  m_PrefabAsset: {fileID: 0}
  m_GameObject: {fileID: 1393664384346990239}
  m_Mesh: {fileID: 10202, guid: 0000000000000000e000000000000000, type: 0}
--- !u!23 &1393664384346990236
MeshRenderer:
  m_ObjectHideFlags: 0
  m_CorrespondingSourceObject: {fileID: 0}
  m_PrefabInstance: {fileID: 0}
  m_PrefabAsset: {fileID: 0}
  m_GameObject: {fileID: 1393664384346990239}
  m_Enabled: 0
  m_CastShadows: 1
  m_ReceiveShadows: 1
  m_DynamicOccludee: 1
  m_MotionVectors: 1
  m_LightProbeUsage: 1
  m_ReflectionProbeUsage: 1
  m_RenderingLayerMask: 1
  m_RendererPriority: 0
  m_Materials:
  - {fileID: 2100000, guid: 3f81296b4507e9048abec16d50b1b92e, type: 2}
  m_StaticBatchInfo:
    firstSubMesh: 0
    subMeshCount: 0
  m_StaticBatchRoot: {fileID: 0}
  m_ProbeAnchor: {fileID: 0}
  m_LightProbeVolumeOverride: {fileID: 0}
  m_ScaleInLightmap: 1
  m_ReceiveGI: 1
  m_PreserveUVs: 0
  m_IgnoreNormalsForChartDetection: 0
  m_ImportantGI: 0
  m_StitchLightmapSeams: 1
  m_SelectedEditorRenderState: 3
  m_MinimumChartSize: 4
  m_AutoUVMaxDistance: 0.5
  m_AutoUVMaxAngle: 89
  m_LightmapParameters: {fileID: 0}
  m_SortingLayerID: 0
  m_SortingLayer: 0
  m_SortingOrder: 0
--- !u!114 &1393664384346990237
MonoBehaviour:
  m_ObjectHideFlags: 0
  m_CorrespondingSourceObject: {fileID: 0}
  m_PrefabInstance: {fileID: 0}
  m_PrefabAsset: {fileID: 0}
  m_GameObject: {fileID: 1393664384346990239}
  m_Enabled: 1
  m_EditorHideFlags: 0
  m_Script: {fileID: 1384774831, guid: e743331561ef77147ae48cda9bcb8209, type: 3}
  m_Name: 
  m_EditorClassIdentifier: 
  fsm:
    dataVersion: 2
    usedInTemplate: {fileID: 0}
    name: GateV2
    startState: Trigger Event
    states:
    - name: CheckBomb
      description: 
      colorIndex: 0
      position:
        serializedVersion: 2
        x: 372.5078
        y: 181.28906
        width: 107
        height: 48
      isBreakpoint: 0
      isSequence: 0
      hideUnused: 0
      transitions:
      - fsmEvent:
          name: unlock
          isSystemEvent: 0
          isGlobal: 0
        toState: CheckSpeed
        linkStyle: 0
        linkConstraint: 0
        colorIndex: 0
      - fsmEvent:
          name: locked
          isSystemEvent: 0
          isGlobal: 0
        toState: Play Anim Push
        linkStyle: 0
        linkConstraint: 0
        colorIndex: 0
      actionData:
        actionNames:
        - HutongGames.PlayMaker.Actions.IntCompare
        customNames:
        - 
        actionEnabled: 01
        actionIsOpen: 01
        actionStartIndex: 00000000
        actionHashCodes: 09faa102
        unityObjectParams: []
        fsmGameObjectParams: []
        fsmOwnerDefaultParams: []
        animationCurveParams: []
        functionCallParams: []
        fsmTemplateControlParams: []
        fsmEventTargetParams: []
        fsmPropertyParams: []
        layoutOptionParams: []
        fsmStringParams: []
        fsmObjectParams: []
        fsmVarParams: []
        fsmArrayParams: []
        fsmEnumParams: []
        fsmFloatParams: []
        fsmIntParams:
        - useVariable: 1
          name: BombDinos
          tooltip: 
          showInInspector: 0
          networkSync: 0
          value: 0
        - useVariable: 1
          name: bomb_require
          tooltip: 
          showInInspector: 1
          networkSync: 0
          value: 0
        fsmBoolParams: []
        fsmVector2Params: []
        fsmVector3Params: []
        fsmColorParams: []
        fsmRectParams: []
        fsmQuaternionParams: []
        stringParams:
        - unlock
        - locked
        - unlock
        byteData: 01
        arrayParamSizes: 
        arrayParamTypes: []
        customTypeSizes: 
        customTypeNames: []
        paramDataType: 100000001000000017000000170000001700000001000000
        paramName:
        - integer1
        - integer2
        - equal
        - lessThan
        - greaterThan
        - everyFrame
        paramDataPos: 000000000100000000000000010000000200000000000000
        paramByteDataSize: 000000000000000000000000000000000000000001000000
    - name: Trigger Event
      description: 
      colorIndex: 0
      position:
        serializedVersion: 2
        x: 64.578125
        y: 134.47656
        width: 119
        height: 32
      isBreakpoint: 0
      isSequence: 0
      hideUnused: 0
      transitions:
      - fsmEvent:
          name: unlock
          isSystemEvent: 0
          isGlobal: 0
        toState: CheckBomb
        linkStyle: 0
        linkConstraint: 0
        colorIndex: 0
      actionData:
        actionNames:
        - HutongGames.PlayMaker.Actions.TriggerEvent
        - HutongGames.PlayMaker.Actions.SetIntValue
        - HutongGames.PlayMaker.Actions.SetAnimatorTrigger
        customNames:
        - 
        - 
        - 
        actionEnabled: 010100
        actionIsOpen: 010100
        actionStartIndex: 000000000500000008000000
        actionHashCodes: 9c512400603dd9059bd6f801
        unityObjectParams: []
        fsmGameObjectParams:
        - useVariable: 1
          name: 
          tooltip: 
          showInInspector: 0
          networkSync: 0
          value: {fileID: 0}
        fsmOwnerDefaultParams:
        - ownerOption: 0
          gameObject:
            useVariable: 0
            name: 
            tooltip: 
            showInInspector: 0
            networkSync: 0
            value: {fileID: 0}
        - ownerOption: 1
          gameObject:
            useVariable: 0
            name: 
            tooltip: 
            showInInspector: 0
            networkSync: 0
            value: {fileID: 0}
        animationCurveParams: []
        functionCallParams: []
        fsmTemplateControlParams: []
        fsmEventTargetParams: []
        fsmPropertyParams: []
        layoutOptionParams: []
        fsmStringParams:
        - useVariable: 0
          name: 
          tooltip: 
          showInInspector: 0
          networkSync: 0
          value: Player
        - useVariable: 0
          name: 
          tooltip: 
          showInInspector: 0
          networkSync: 0
          value: PushGate
        fsmObjectParams: []
        fsmVarParams: []
        fsmArrayParams: []
        fsmEnumParams: []
        fsmFloatParams: []
        fsmIntParams:
        - useVariable: 1
          name: gate_require_sub
          tooltip: 
          showInInspector: 0
          networkSync: 0
          value: 0
        - useVariable: 1
          name: gate_require
          tooltip: 
          showInInspector: 0
          networkSync: 0
          value: 10
        fsmBoolParams: []
        fsmVector2Params: []
        fsmVector3Params: []
        fsmColorParams: []
        fsmRectParams: []
        fsmQuaternionParams: []
        stringParams:
        - unlock
        byteData: 0100000000
        arrayParamSizes: 
        arrayParamTypes: []
        customTypeSizes: 
        customTypeNames: []
        paramDataType: 14000000070000001200000017000000130000001000000010000000010000001400000012000000
        paramName:
        - gameObject
        - trigger
        - collideTag
        - sendEvent
        - storeCollider
        - intVariable
        - intValue
        - everyFrame
        - gameObject
        - trigger
        paramDataPos: 00000000000000000000000000000000000000000000000001000000040000000100000001000000
        paramByteDataSize: 00000000040000000000000000000000000000000000000000000000010000000000000000000000
    - name: Destroy Self
      description: 
      colorIndex: 0
      position:
        serializedVersion: 2
        x: 1083.7188
        y: 340.1172
        width: 112
        height: 16
      isBreakpoint: 0
      isSequence: 0
      hideUnused: 0
      transitions: []
      actionData:
        actionNames:
        - HutongGames.PlayMaker.Actions.DestroyObject
        - HutongGames.PlayMaker.Actions.DestroyObject
        - HutongGames.PlayMaker.Actions.DestroySelf
        customNames:
        - 
        - 
        - 
        actionEnabled: 010100
        actionIsOpen: 010101
        actionStartIndex: 000000000300000006000000
        actionHashCodes: 9ff80c029ff80c0262f95203
        unityObjectParams: []
        fsmGameObjectParams:
        - useVariable: 0
          name: 
          tooltip: 
          showInInspector: 0
          networkSync: 0
          value: {fileID: 1393664385856063073}
        - useVariable: 0
          name: 
          tooltip: 
          showInInspector: 0
          networkSync: 0
          value: {fileID: 0}
        fsmOwnerDefaultParams: []
        animationCurveParams: []
        functionCallParams: []
        fsmTemplateControlParams: []
        fsmEventTargetParams: []
        fsmPropertyParams: []
        layoutOptionParams: []
        fsmStringParams: []
        fsmObjectParams: []
        fsmVarParams: []
        fsmArrayParams: []
        fsmEnumParams: []
        fsmFloatParams:
        - useVariable: 0
          name: 
          tooltip: 
          showInInspector: 0
          networkSync: 0
          value: 1.5
        - useVariable: 0
          name: 
          tooltip: 
          showInInspector: 0
          networkSync: 0
          value: 0
        fsmIntParams: []
        fsmBoolParams:
        - useVariable: 0
          name: 
          tooltip: 
          showInInspector: 0
          networkSync: 0
          value: 0
        - useVariable: 0
          name: 
          tooltip: 
          showInInspector: 0
          networkSync: 0
          value: 0
        - useVariable: 0
          name: 
          tooltip: 
          showInInspector: 0
          networkSync: 0
          value: 0
        fsmVector2Params: []
        fsmVector3Params: []
        fsmColorParams: []
        fsmRectParams: []
        fsmQuaternionParams: []
        stringParams: []
        byteData: 
        arrayParamSizes: 
        arrayParamTypes: []
        customTypeSizes: 
        customTypeNames: []
        paramDataType: 130000000f00000011000000130000000f0000001100000011000000
        paramName:
        - gameObject
        - delay
        - detachChildren
        - gameObject
        - delay
        - detachChildren
        - detachChildren
        paramDataPos: 00000000000000000000000001000000010000000100000002000000
        paramByteDataSize: 00000000000000000000000000000000000000000000000000000000
    - name: CheckSpeed
      description: 
      colorIndex: 0
      position:
        serializedVersion: 2
        x: 429.375
        y: 280.35938
        width: 111
        height: 48
      isBreakpoint: 0
      isSequence: 0
      hideUnused: 0
      transitions:
      - fsmEvent:
          name: unlock
          isSystemEvent: 0
          isGlobal: 0
        toState: CheckArmor
        linkStyle: 0
        linkConstraint: 0
        colorIndex: 0
      - fsmEvent:
          name: locked
          isSystemEvent: 0
          isGlobal: 0
        toState: Play Anim Push
        linkStyle: 0
        linkConstraint: 0
        colorIndex: 0
      actionData:
        actionNames:
        - HutongGames.PlayMaker.Actions.IntCompare
        customNames:
        - 
        actionEnabled: 01
        actionIsOpen: 01
        actionStartIndex: 00000000
        actionHashCodes: 09faa102
        unityObjectParams: []
        fsmGameObjectParams: []
        fsmOwnerDefaultParams: []
        animationCurveParams: []
        functionCallParams: []
        fsmTemplateControlParams: []
        fsmEventTargetParams: []
        fsmPropertyParams: []
        layoutOptionParams: []
        fsmStringParams: []
        fsmObjectParams: []
        fsmVarParams: []
        fsmArrayParams: []
        fsmEnumParams: []
        fsmFloatParams: []
        fsmIntParams:
        - useVariable: 1
          name: SpeedDinos
          tooltip: 
          showInInspector: 0
          networkSync: 0
          value: 0
        - useVariable: 1
          name: speed_require
          tooltip: 
          showInInspector: 1
          networkSync: 0
          value: 30
        fsmBoolParams: []
        fsmVector2Params: []
        fsmVector3Params: []
        fsmColorParams: []
        fsmRectParams: []
        fsmQuaternionParams: []
        stringParams:
        - unlock
        - locked
        - unlock
        byteData: 01
        arrayParamSizes: 
        arrayParamTypes: []
        customTypeSizes: 
        customTypeNames: []
        paramDataType: 100000001000000017000000170000001700000001000000
        paramName:
        - integer1
        - integer2
        - equal
        - lessThan
        - greaterThan
        - everyFrame
        paramDataPos: 000000000100000000000000010000000200000000000000
        paramByteDataSize: 000000000000000000000000000000000000000001000000
    - name: CheckArmor
      description: 
      colorIndex: 0
      position:
        serializedVersion: 2
        x: 588.27344
        y: 325.0625
        width: 111
        height: 48
      isBreakpoint: 0
      isSequence: 0
      hideUnused: 0
      transitions:
      - fsmEvent:
          name: unlock
          isSystemEvent: 0
          isGlobal: 0
        toState: Play Animation Activate
        linkStyle: 0
        linkConstraint: 0
        colorIndex: 0
      - fsmEvent:
          name: locked
          isSystemEvent: 0
          isGlobal: 0
        toState: Play Anim Push
        linkStyle: 0
        linkConstraint: 0
        colorIndex: 0
      actionData:
        actionNames:
        - HutongGames.PlayMaker.Actions.IntCompare
        customNames:
        - 
        actionEnabled: 01
        actionIsOpen: 01
        actionStartIndex: 00000000
        actionHashCodes: 09faa102
        unityObjectParams: []
        fsmGameObjectParams: []
        fsmOwnerDefaultParams: []
        animationCurveParams: []
        functionCallParams: []
        fsmTemplateControlParams: []
        fsmEventTargetParams: []
        fsmPropertyParams: []
        layoutOptionParams: []
        fsmStringParams: []
        fsmObjectParams: []
        fsmVarParams: []
        fsmArrayParams: []
        fsmEnumParams: []
        fsmFloatParams: []
        fsmIntParams:
        - useVariable: 1
          name: ArmorDinos
          tooltip: 
          showInInspector: 0
          networkSync: 0
          value: 0
        - useVariable: 1
          name: armor_require
          tooltip: 
          showInInspector: 1
          networkSync: 0
          value: 20
        fsmBoolParams: []
        fsmVector2Params: []
        fsmVector3Params: []
        fsmColorParams: []
        fsmRectParams: []
        fsmQuaternionParams: []
        stringParams:
        - unlock
        - locked
        - unlock
        byteData: 01
        arrayParamSizes: 
        arrayParamTypes: []
        customTypeSizes: 
        customTypeNames: []
        paramDataType: 100000001000000017000000170000001700000001000000
        paramName:
        - integer1
        - integer2
        - equal
        - lessThan
        - greaterThan
        - everyFrame
        paramDataPos: 000000000100000000000000010000000200000000000000
        paramByteDataSize: 000000000000000000000000000000000000000001000000
    - name: Play Animation Activate
      description: 
      colorIndex: 0
      position:
        serializedVersion: 2
        x: 811.3672
        y: 312.78125
        width: 187
        height: 32
      isBreakpoint: 0
      isSequence: 0
      hideUnused: 0
      transitions:
      - fsmEvent:
          name: FINISHED
          isSystemEvent: 1
          isGlobal: 0
        toState: Destroy Self
        linkStyle: 0
        linkConstraint: 0
        colorIndex: 0
      actionData:
        actionNames:
        - HutongGames.PlayMaker.Actions.SetAnimatorTrigger
        - HutongGames.PlayMaker.Actions.AudioPlay
        customNames:
        - 
        - 
        actionEnabled: 0100
        actionIsOpen: 0101
        actionStartIndex: 0000000002000000
        actionHashCodes: 9bd6f80181294e04
        unityObjectParams: []
        fsmGameObjectParams: []
        fsmOwnerDefaultParams:
        - ownerOption: 1
          gameObject:
            useVariable: 0
            name: 
            tooltip: 
            showInInspector: 0
            networkSync: 0
            value: {fileID: 2337415109520472637}
        - ownerOption: 1
          gameObject:
            useVariable: 0
            name: 
            tooltip: 
            showInInspector: 0
            networkSync: 0
            value: {fileID: 0}
        animationCurveParams: []
        functionCallParams: []
        fsmTemplateControlParams: []
        fsmEventTargetParams: []
        fsmPropertyParams: []
        layoutOptionParams: []
        fsmStringParams:
        - useVariable: 0
          name: 
          tooltip: 
          showInInspector: 0
          networkSync: 0
          value: BreakGate
        fsmObjectParams:
        - useVariable: 0
          name: 
          tooltip: 
          showInInspector: 0
          networkSync: 0
          typeName: UnityEngine.AudioClip
          value: {fileID: 8300000, guid: 8931452c7cfefb849a8871d3daa13fe8, type: 3}
        fsmVarParams: []
        fsmArrayParams: []
        fsmEnumParams: []
        fsmFloatParams:
        - useVariable: 0
          name: 
          tooltip: 
          showInInspector: 0
          networkSync: 0
          value: 0.9
        fsmIntParams: []
        fsmBoolParams:
        - useVariable: 0
          name: 
          tooltip: 
          showInInspector: 0
          networkSync: 0
          value: 0
        fsmVector2Params: []
        fsmVector3Params: []
        fsmColorParams: []
        fsmRectParams: []
        fsmQuaternionParams: []
        stringParams:
        - FINISHED
        byteData: 
        arrayParamSizes: 
        arrayParamTypes: []
        customTypeSizes: 
        customTypeNames: []
        paramDataType: 1400000012000000140000000f000000180000001100000017000000
        paramName:
        - gameObject
        - trigger
        - gameObject
        - volume
        - oneShotClip
        - WaitForEndOfClip
        - finishedEvent
        paramDataPos: 00000000000000000100000000000000000000000000000000000000
        paramByteDataSize: 00000000000000000000000000000000000000000000000000000000
    - name: Play Anim Push
      description: 
      colorIndex: 0
      position:
        serializedVersion: 2
        x: 592.28125
        y: 115.80469
        width: 132
        height: 32
      isBreakpoint: 0
      isSequence: 0
      hideUnused: 0
      transitions:
      - fsmEvent:
          name: FINISHED
          isSystemEvent: 1
          isGlobal: 0
        toState: Trigger Event
        linkStyle: 0
        linkConstraint: 0
        colorIndex: 0
      actionData:
        actionNames:
        - HutongGames.PlayMaker.Actions.SetAnimatorTrigger
        customNames:
        - 
        actionEnabled: 01
        actionIsOpen: 01
        actionStartIndex: 00000000
        actionHashCodes: 9bd6f801
        unityObjectParams: []
        fsmGameObjectParams: []
        fsmOwnerDefaultParams:
        - ownerOption: 1
          gameObject:
            useVariable: 0
            name: 
            tooltip: 
            showInInspector: 0
            networkSync: 0
            value: {fileID: 2337415109520472637}
        animationCurveParams: []
        functionCallParams: []
        fsmTemplateControlParams: []
        fsmEventTargetParams: []
        fsmPropertyParams: []
        layoutOptionParams: []
        fsmStringParams:
        - useVariable: 0
          name: 
          tooltip: 
          showInInspector: 0
          networkSync: 0
          value: PushGate
        fsmObjectParams: []
        fsmVarParams: []
        fsmArrayParams: []
        fsmEnumParams: []
        fsmFloatParams: []
        fsmIntParams: []
        fsmBoolParams: []
        fsmVector2Params: []
        fsmVector3Params: []
        fsmColorParams: []
        fsmRectParams: []
        fsmQuaternionParams: []
        stringParams: []
        byteData: 
        arrayParamSizes: 
        arrayParamTypes: []
        customTypeSizes: 
        customTypeNames: []
        paramDataType: 1400000012000000
        paramName:
        - gameObject
        - trigger
        paramDataPos: 0000000000000000
        paramByteDataSize: 0000000000000000
    events:
    - name: FINISHED
      isSystemEvent: 1
      isGlobal: 0
    - name: locked
      isSystemEvent: 0
      isGlobal: 0
    - name: unlock
      isSystemEvent: 0
      isGlobal: 0
    globalTransitions: []
    variables:
      floatVariables: []
      intVariables:
      - useVariable: 1
        name: bomb_require
        tooltip: 
        showInInspector: 1
        networkSync: 0
        value: 0
      - useVariable: 1
        name: gate_require
        tooltip: 
        showInInspector: 0
        networkSync: 0
        value: 10
      - useVariable: 1
        name: gate_require_sub
        tooltip: 
        showInInspector: 0
        networkSync: 0
        value: 0
      - useVariable: 1
        name: speed_require
        tooltip: 
        showInInspector: 1
        networkSync: 0
        value: 0
      - useVariable: 1
        name: armor_require
        tooltip: 
        showInInspector: 1
        networkSync: 0
        value: 0
      boolVariables: []
      stringVariables: []
      vector2Variables: []
      vector3Variables: []
      colorVariables: []
      rectVariables: []
      quaternionVariables: []
      gameObjectVariables:
      - useVariable: 1
        name: dino_to_destroy
        tooltip: 
        showInInspector: 0
        networkSync: 0
        value: {fileID: 0}
      - useVariable: 1
        name: Objective Marker Template
        tooltip: 
        showInInspector: 0
        networkSync: 0
        value: {fileID: 3911149426025047992, guid: 7382fb8976ca5ba49bbc7f75c93176ab,
          type: 3}
      objectVariables: []
      materialVariables: []
      textureVariables: []
      arrayVariables: []
      enumVariables: []
      categories:
      - 
      variableCategoryIDs: 00000000000000000000000000000000000000000000000000000000
    description: 
    docUrl: 
    showStateLabel: 0
    maxLoopCount: 0
    watermark: 
    password: 
    locked: 0
    manualUpdate: 0
    keepDelayedEventsOnStateExit: 0
    preprocessed: 1
    ExposedEvents: []
    RestartOnEnable: 1
    EnableDebugFlow: 0
    EnableBreakpoints: 1
    editorFlags: 3
    activeStateName: 
    mouseEvents: 0
    handleLevelLoaded: 0
    handleTriggerEnter2D: 0
    handleTriggerExit2D: 0
    handleTriggerStay2D: 0
    handleCollisionEnter2D: 0
    handleCollisionExit2D: 0
    handleCollisionStay2D: 0
    handleTriggerEnter: 0
    handleTriggerExit: 0
    handleTriggerStay: 1
    handleCollisionEnter: 0
    handleCollisionExit: 0
    handleCollisionStay: 0
    handleParticleCollision: 0
    handleControllerColliderHit: 0
    handleJointBreak: 0
    handleJointBreak2D: 0
    handleOnGUI: 0
    handleFixedUpdate: 0
    handleLateUpdate: 0
    handleApplicationEvents: 0
    handleUiEvents: 0
    handleLegacyNetworking: 0
    handleAnimatorMove: 0
    handleAnimatorIK: 0
  fsmTemplate: {fileID: 0}
  eventHandlerComponentsAdded: 1
--- !u!65 &1393664384346990238
BoxCollider:
  m_ObjectHideFlags: 0
  m_CorrespondingSourceObject: {fileID: 0}
  m_PrefabInstance: {fileID: 0}
  m_PrefabAsset: {fileID: 0}
  m_GameObject: {fileID: 1393664384346990239}
  m_Material: {fileID: 0}
  m_IsTrigger: 1
  m_Enabled: 1
  serializedVersion: 2
  m_Size: {x: 17.491234, y: 15.118387, z: 21.846413}
  m_Center: {x: 0, y: 7.0591936, z: -10.423206}
--- !u!114 &9175170214579814088
MonoBehaviour:
  m_ObjectHideFlags: 0
  m_CorrespondingSourceObject: {fileID: 0}
  m_PrefabInstance: {fileID: 0}
  m_PrefabAsset: {fileID: 0}
  m_GameObject: {fileID: 1393664384346990239}
  m_Enabled: 1
  m_EditorHideFlags: 0
  m_Script: {fileID: -104615663, guid: e743331561ef77147ae48cda9bcb8209, type: 3}
  m_Name: 
  m_EditorClassIdentifier: 
  TargetFSMs:
  - {fileID: 1393664384346990237}
--- !u!1 &1393664385856063073
GameObject:
  m_ObjectHideFlags: 0
  m_CorrespondingSourceObject: {fileID: 0}
  m_PrefabInstance: {fileID: 0}
  m_PrefabAsset: {fileID: 0}
  serializedVersion: 6
  m_Component:
  - component: {fileID: 1393664385856063101}
  - component: {fileID: 1393664385856063102}
  - component: {fileID: 1393664385856063103}
  - component: {fileID: 1393664385856063072}
  m_Layer: 0
  m_Name: bloc
  m_TagString: Untagged
  m_Icon: {fileID: 0}
  m_NavMeshLayer: 0
  m_StaticEditorFlags: 0
  m_IsActive: 1
--- !u!4 &1393664385856063101
Transform:
  m_ObjectHideFlags: 0
  m_CorrespondingSourceObject: {fileID: 0}
  m_PrefabInstance: {fileID: 0}
  m_PrefabAsset: {fileID: 0}
  m_GameObject: {fileID: 1393664385856063073}
  m_LocalRotation: {x: -0, y: -0, z: -0, w: 1}
  m_LocalPosition: {x: 0, y: 6.47, z: 0}
  m_LocalScale: {x: 13.231, y: 12.794, z: 4.7160373}
  m_Children: []
  m_Father: {fileID: 1393664384346990234}
  m_RootOrder: 1
  m_LocalEulerAnglesHint: {x: 0, y: 0, z: 0}
--- !u!33 &1393664385856063102
MeshFilter:
  m_ObjectHideFlags: 0
  m_CorrespondingSourceObject: {fileID: 0}
  m_PrefabInstance: {fileID: 0}
  m_PrefabAsset: {fileID: 0}
  m_GameObject: {fileID: 1393664385856063073}
  m_Mesh: {fileID: 10202, guid: 0000000000000000e000000000000000, type: 0}
--- !u!23 &1393664385856063103
MeshRenderer:
  m_ObjectHideFlags: 0
  m_CorrespondingSourceObject: {fileID: 0}
  m_PrefabInstance: {fileID: 0}
  m_PrefabAsset: {fileID: 0}
  m_GameObject: {fileID: 1393664385856063073}
  m_Enabled: 0
  m_CastShadows: 1
  m_ReceiveShadows: 1
  m_DynamicOccludee: 1
  m_MotionVectors: 1
  m_LightProbeUsage: 1
  m_ReflectionProbeUsage: 1
  m_RenderingLayerMask: 1
  m_RendererPriority: 0
  m_Materials:
  - {fileID: 2100000, guid: 8d7a2948e37d165489a2689055a05a93, type: 2}
  m_StaticBatchInfo:
    firstSubMesh: 0
    subMeshCount: 0
  m_StaticBatchRoot: {fileID: 0}
  m_ProbeAnchor: {fileID: 0}
  m_LightProbeVolumeOverride: {fileID: 0}
  m_ScaleInLightmap: 1
  m_ReceiveGI: 1
  m_PreserveUVs: 0
  m_IgnoreNormalsForChartDetection: 0
  m_ImportantGI: 0
  m_StitchLightmapSeams: 1
  m_SelectedEditorRenderState: 3
  m_MinimumChartSize: 4
  m_AutoUVMaxDistance: 0.5
  m_AutoUVMaxAngle: 89
  m_LightmapParameters: {fileID: 0}
  m_SortingLayerID: 0
  m_SortingLayer: 0
  m_SortingOrder: 0
--- !u!65 &1393664385856063072
BoxCollider:
  m_ObjectHideFlags: 0
  m_CorrespondingSourceObject: {fileID: 0}
  m_PrefabInstance: {fileID: 0}
  m_PrefabAsset: {fileID: 0}
  m_GameObject: {fileID: 1393664385856063073}
  m_Material: {fileID: 0}
  m_IsTrigger: 0
  m_Enabled: 1
  serializedVersion: 2
  m_Size: {x: 1, y: 1, z: 1}
  m_Center: {x: 0, y: 0, z: 0}
--- !u!1001 &1393664384455902265
PrefabInstance:
  m_ObjectHideFlags: 0
  serializedVersion: 2
  m_Modification:
    m_TransformParent: {fileID: 1393664384346990234}
    m_Modifications:
    - target: {fileID: 3686021436159366124, guid: da6cfa9df9abeca4886d20ec0d66499d,
        type: 3}
      propertyPath: m_Name
      value: Gate_Anim_Parent
      objectReference: {fileID: 0}
    - target: {fileID: 3686021436159366125, guid: da6cfa9df9abeca4886d20ec0d66499d,
        type: 3}
      propertyPath: m_LocalPosition.x
      value: 0
      objectReference: {fileID: 0}
    - target: {fileID: 3686021436159366125, guid: da6cfa9df9abeca4886d20ec0d66499d,
        type: 3}
      propertyPath: m_LocalPosition.y
      value: 0
      objectReference: {fileID: 0}
    - target: {fileID: 3686021436159366125, guid: da6cfa9df9abeca4886d20ec0d66499d,
        type: 3}
      propertyPath: m_LocalPosition.z
      value: 0
      objectReference: {fileID: 0}
    - target: {fileID: 3686021436159366125, guid: da6cfa9df9abeca4886d20ec0d66499d,
        type: 3}
      propertyPath: m_LocalRotation.x
      value: -0
      objectReference: {fileID: 0}
    - target: {fileID: 3686021436159366125, guid: da6cfa9df9abeca4886d20ec0d66499d,
        type: 3}
      propertyPath: m_LocalRotation.y
      value: -0
      objectReference: {fileID: 0}
    - target: {fileID: 3686021436159366125, guid: da6cfa9df9abeca4886d20ec0d66499d,
        type: 3}
      propertyPath: m_LocalRotation.z
      value: -0
      objectReference: {fileID: 0}
    - target: {fileID: 3686021436159366125, guid: da6cfa9df9abeca4886d20ec0d66499d,
        type: 3}
      propertyPath: m_LocalRotation.w
      value: 1
      objectReference: {fileID: 0}
    - target: {fileID: 3686021436159366125, guid: da6cfa9df9abeca4886d20ec0d66499d,
        type: 3}
      propertyPath: m_RootOrder
      value: 0
      objectReference: {fileID: 0}
    - target: {fileID: 3686021436159366125, guid: da6cfa9df9abeca4886d20ec0d66499d,
        type: 3}
      propertyPath: m_LocalEulerAnglesHint.x
      value: 0
      objectReference: {fileID: 0}
    - target: {fileID: 3686021436159366125, guid: da6cfa9df9abeca4886d20ec0d66499d,
        type: 3}
      propertyPath: m_LocalEulerAnglesHint.y
      value: 0
      objectReference: {fileID: 0}
    - target: {fileID: 3686021436159366125, guid: da6cfa9df9abeca4886d20ec0d66499d,
        type: 3}
      propertyPath: m_LocalEulerAnglesHint.z
      value: 0
      objectReference: {fileID: 0}
    - target: {fileID: 2576742385314428765, guid: da6cfa9df9abeca4886d20ec0d66499d,
        type: 3}
      propertyPath: m_Enabled
      value: 0
      objectReference: {fileID: 0}
    - target: {fileID: 3686021437662009868, guid: da6cfa9df9abeca4886d20ec0d66499d,
        type: 3}
      propertyPath: m_Enabled
      value: 0
      objectReference: {fileID: 0}
    - target: {fileID: 8264989633517651239, guid: da6cfa9df9abeca4886d20ec0d66499d,
        type: 3}
      propertyPath: m_Enabled
      value: 0
      objectReference: {fileID: 0}
    - target: {fileID: 3686021437081268660, guid: da6cfa9df9abeca4886d20ec0d66499d,
        type: 3}
      propertyPath: m_Enabled
      value: 0
      objectReference: {fileID: 0}
    - target: {fileID: 3686021436694512749, guid: da6cfa9df9abeca4886d20ec0d66499d,
        type: 3}
      propertyPath: m_Enabled
      value: 0
      objectReference: {fileID: 0}
    - target: {fileID: 3686021437383640740, guid: da6cfa9df9abeca4886d20ec0d66499d,
        type: 3}
      propertyPath: m_Enabled
      value: 0
      objectReference: {fileID: 0}
    - target: {fileID: 3686021437461976551, guid: da6cfa9df9abeca4886d20ec0d66499d,
        type: 3}
      propertyPath: m_Enabled
      value: 0
      objectReference: {fileID: 0}
    - target: {fileID: 6812965605987266609, guid: da6cfa9df9abeca4886d20ec0d66499d,
        type: 3}
      propertyPath: m_Enabled
      value: 0
      objectReference: {fileID: 0}
    - target: {fileID: 3686021437366520431, guid: da6cfa9df9abeca4886d20ec0d66499d,
        type: 3}
      propertyPath: m_Enabled
      value: 0
      objectReference: {fileID: 0}
    m_RemovedComponents: []
  m_SourcePrefab: {fileID: 100100000, guid: da6cfa9df9abeca4886d20ec0d66499d, type: 3}
--- !u!4 &2337415108375517140 stripped
Transform:
  m_CorrespondingSourceObject: {fileID: 3686021436159366125, guid: da6cfa9df9abeca4886d20ec0d66499d,
    type: 3}
  m_PrefabInstance: {fileID: 1393664384455902265}
  m_PrefabAsset: {fileID: 0}
--- !u!1 &2337415109520472637 stripped
GameObject:
  m_CorrespondingSourceObject: {fileID: 3686021437287742980, guid: da6cfa9df9abeca4886d20ec0d66499d,
    type: 3}
  m_PrefabInstance: {fileID: 1393664384455902265}
  m_PrefabAsset: {fileID: 0}
